@misc{wiki:transposition,
  author       = {Wikipedia},
  title        = {Transpose},
  year         = {},
  url          = {},
  howpublished = {\url{https://en.wikipedia.org/wiki/Transpose}},
}

@misc{nvidia:a30,
  author       = {NVIDIA},
  title        = {NVIDIA A30 Datasheet},
  year         = {2022},
  howpublished = {\url{https://www.nvidia.com/content/dam/en-zz/Solutions/data-center/products/a30-gpu/pdf/a30-datasheet.pdf}}
}

@misc{nvidia:rtx3070,
  author       = {GigaByte},
  title        = {RTX 3070 Specifications},
  year         = {2020},
  howpublished = {\url{https://www.gigabyte.com/Graphics-Card/GV-N3070GAMING-OC-8GD-rev-20/sp#sp}}
}

@misc{nvidia:cudaDeviceProp,
  author       = {NVIDIA},
  title        = {CUDA Documentation: cudaGetDeviceProperties},
  year         = {2020},
  howpublished = {\url{https://docs.nvidia.com/cuda/cuda-runtime-api/group__CUDART__DEVICE.html#group__CUDART__DEVICE_1g1bf9d625a931d657e08db2b4391170f0}}
}